@inproceedings{Horn2013MQWFQ,
   crossref = {Duddy2013TAP},
   author = {Horn, Tassilo},
   title = {{Model Querying with FunnyQT - (Extended Abstract)}},
   year = 2013,
   editor = {Duddy, Keith and Kappel, Gerti},
   booktitle = {ICMT},
   publisher = {Springer},
   volume = 7909,
   series = {Lecture Notes in Computer Science},
   pages = {56-57},
 }
@proceedings{Duddy2013TAP,
   title = {Theory and Practice of Model Transformations - 6th International
		  Conference, ICMT 2013, Budapest, Hungary, June 18-19,
		  2013. Proceedings},
   year = {2013},
   editor = {Duddy, Keith and Kappel, Gerti},
   publisher = {Springer},
   volume = {7909},
   series = {Lecture Notes in Computer Science},
   isbn = {978-3-642- 38882-8},
 }

@InProceedings{funnyqt-icgt15,
  author = 	 {Tassilo Horn},
  title = 	 {{Graph Pattern Matching as an Embedded Clojure DSL}},
  booktitle =    {International Conference on Graph Transformation - 8th
                  International Conference, ICGT 2015, L'Aquila, Italy, July
                  2015},
  year = 	 2015}

@PhdThesis{byrdthesis,
  author =	 {William E. Byrd},
  title =	 {{Relational Programming in miniKanren: Techniques,
                  Applications, and Implementations}},
  school =	 {Indiana University},
  year =	 {2009},
  OPTkey =	 {},
  OPTtype =	 {},
  OPTaddress =	 {},
  OPTmonth =	 {},
  OPTnote =	 {},
  OPTannote =	 {}
}

@inproceedings{f2p-case-desc,
  Author = {Anthony Anjorin and Thomas Buchmann and Bernhard Westfechtel},
  Booktitle = {Proceedings of the 10th Transformation Tool Contest, a part of
                  the Software Technologies: Applications and Foundations (STAF
                  2017) federation of conferences},
  Location = {Marburg, Germany},
  Month = {July},
  Day = 24,
  Editor = {Antonio Garcia-Dominguez and Georg Hinkel and Filip Krikava},
  Publisher = {CEUR-WS.org},
  Series = {CEUR Workshop Proceedings},
  Title = {{The Families to Persons Case}},
  Year = 2017
}

@PhdThesis{diss,
  author = 	 {Tassilo Horn},
  title = 	 {{A Functional, Comprehensive and Extensible Multi-Platform
                  Querying and Transformation Approach}},
  school = 	 {University Koblenz-Landau, Germany},
  year = 	 2016}

@book{book:Fowler2010DSL,
  author = {Fowler, Martin},
  interhash = {a1eff7d5279f420080bd2bea143ea3cc},
  intrahash = {2ef2a1a1adbd0233cd91d3474fd2a1d5},
  publisher = {Addison-Wesley Professional},
  title = {{Domain-Specific Languages}},
  year = 2010,
  timestamp = {2010-11-27T18:35:11.000+0100},
  keywords = {dsl},
  added-at = {2010-11-27T18:35:11.000+0100},
  isbn = 0321712943,
  biburl = {http://www.bibsonomy.org/bibtex/22ef2a1a1adbd0233cd91d3474fd2a1d5/muloem}
}

@BOOK{Steinberg2008EEM,
  title = {{EMF: Eclipse Modeling Framework}},
  publisher = {Addison-Wesley Professional},
  year = 2008,
  author = {Steinberg, Dave and Budinsky, Frank and Paternostro, Marcelo and
                  Merks, Ed},
  edition = 2,
  owner = {hschwarz},
  timestamp = {2009.01.21}
}
